{
  "status": "success",
  "data": [
    {
      "id": "mock_trade_6",
      "symbol": "BTCUSDT",
      "price": 96321.72,
      "size": 0.006394,
      "quantity": 0.006394,
      "qty": 0.006394,
      "side": "BUY",
      "timestamp": 1759537861898,
      "time": 1759537861898,
      "datetime": "2025-10-04T02:31:01.898937Z",
      "isBuyerMaker": false
    },
    {
      "id": "mock_trade_11",
      "symbol": "BTCUSDT",
      "price": 95717.36,
      "size": 0.081949,
      "quantity": 0.081949,
      "qty": 0.081949,
      "side": "BUY",
      "timestamp": 1759538893345,
      "time": 1759538893345,
      "datetime": "2025-10-04T02:48:13.345121Z",
      "isBuyerMaker": false
    },
    {
      "id": "mock_trade_14",
      "symbol": "BTCUSDT",
      "price": 94970.32,
      "size": 0.003942,
      "quantity": 0.003942,
      "qty": 0.003942,
      "side": "BUY",
      "timestamp": 1759541294287,
      "time": 1759541294287,
      "datetime": "2025-10-04T03:28:14.287626Z",
      "isBuyerMaker": false
    },
    {
      "id": "mock_trade_1",
      "symbol": "BTCUSDT",
      "price": 94275.3,
      "size": 0.051123,
      "quantity": 0.051123,
      "qty": 0.051123,
      "side": "BUY",
      "timestamp": 1759544421797,
      "time": 1759544421797,
      "datetime": "2025-10-04T04:20:21.797488Z",
      "isBuyerMaker": false
    },
    {
      "id": "mock_trade_2",
      "symbol": "BTCUSDT",
      "price": 94355.51,
      "size": 0.037292,
      "quantity": 0.037292,
      "qty": 0.037292,
      "side": "BUY",
      "timestamp": 1759550703661,
      "time": 1759550703661,
      "datetime": "2025-10-04T06:05:03.661695Z",
      "isBuyerMaker": false
    },
    {
      "id": "mock_trade_20",
      "symbol": "BTCUSDT",
      "price": 93162.36,
      "size": 0.019032,
      "quantity": 0.019032,
      "qty": 0.019032,
      "side": "BUY",
      "timestamp": 1759552768722,
      "time": 1759552768722,
      "datetime": "2025-10-04T06:39:28.722996Z",
      "isBuyerMaker": false
    },
    {
      "id": "mock_trade_17",
      "symbol": "BTCUSDT",
      "price": 93455.26,
      "size": 0.044497,
      "quantity": 0.044497,
      "qty": 0.044497,
      "side": "BUY",
      "timestamp": 1759567749912,
      "time": 1759567749912,
      "datetime": "2025-10-04T10:49:09.912987Z",
      "isBuyerMaker": false
    },
    {
      "id": "mock_trade_10",
      "symbol": "BTCUSDT",
      "price": 95056.44,
      "size": 0.00899,
      "quantity": 0.00899,
      "qty": 0.00899,
      "side": "BUY",
      "timestamp": 1759576413668,
      "time": 1759576413668,
      "datetime": "2025-10-04T13:13:33.668408Z",
      "isBuyerMaker": false
    },
    {
      "id": "mock_trade_7",
      "symbol": "BTCUSDT",
      "price": 95481.16,
      "size": 0.003848,
      "quantity": 0.003848,
      "qty": 0.003848,
      "side": "SELL",
      "timestamp": 1759577323136,
      "time": 1759577323136,
      "datetime": "2025-10-04T13:28:43.136095Z",
      "isBuyerMaker": true
    },
    {
      "id": "mock_trade_9",
      "symbol": "BTCUSDT",
      "price": 96662.96,
      "size": 0.033646,
      "quantity": 0.033646,
      "qty": 0.033646,
      "side": "BUY",
      "timestamp": 1759578583453,
      "time": 1759578583453,
      "datetime": "2025-10-04T13:49:43.453246Z",
      "isBuyerMaker": false
    },
    {
      "id": "mock_trade_3",
      "symbol": "BTCUSDT",
      "price": 95357.04,
      "size": 0.060347,
      "quantity": 0.060347,
      "qty": 0.060347,
      "side": "SELL",
      "timestamp": 1759588007257,
      "time": 1759588007257,
      "datetime": "2025-10-04T16:26:47.257129Z",
      "isBuyerMaker": true
    },
    {
      "id": "mock_trade_19",
      "symbol": "BTCUSDT",
      "price": 96422.24,
      "size": 0.06622,
      "quantity": 0.06622,
      "qty": 0.06622,
      "side": "BUY",
      "timestamp": 1759589186808,
      "time": 1759589186808,
      "datetime": "2025-10-04T16:46:26.808543Z",
      "isBuyerMaker": false
    },
    {
      "id": "mock_trade_13",
      "symbol": "BTCUSDT",
      "price": 93837.73,
      "size": 0.068849,
      "quantity": 0.068849,
      "qty": 0.068849,
      "side": "BUY",
      "timestamp": 1759595224444,
      "time": 1759595224444,
      "datetime": "2025-10-04T18:27:04.444328Z",
      "isBuyerMaker": false
    },
    {
      "id": "mock_trade_15",
      "symbol": "BTCUSDT",
      "price": 95212.31,
      "size": 0.077647,
      "quantity": 0.077647,
      "qty": 0.077647,
      "side": "BUY",
      "timestamp": 1759598675606,
      "time": 1759598675606,
      "datetime": "2025-10-04T19:24:35.606236Z",
      "isBuyerMaker": false
    },
    {
      "id": "mock_trade_12",
      "symbol": "BTCUSDT",
      "price": 94785.22,
      "size": 0.081426,
      "quantity": 0.081426,
      "qty": 0.081426,
      "side": "SELL",
      "timestamp": 1759603050966,
      "time": 1759603050966,
      "datetime": "2025-10-04T20:37:30.966971Z",
      "isBuyerMaker": true
    },
    {
      "id": "mock_trade_4",
      "symbol": "BTCUSDT",
      "price": 93109.61,
      "size": 0.092883,
      "quantity": 0.092883,
      "qty": 0.092883,
      "side": "BUY",
      "timestamp": 1759603538187,
      "time": 1759603538187,
      "datetime": "2025-10-04T20:45:38.187044Z",
      "isBuyerMaker": false
    },
    {
      "id": "mock_trade_8",
      "symbol": "BTCUSDT",
      "price": 95578.97,
      "size": 0.021592,
      "quantity": 0.021592,
      "qty": 0.021592,
      "side": "BUY",
      "timestamp": 1759614126473,
      "time": 1759614126473,
      "datetime": "2025-10-04T23:42:06.473054Z",
      "isBuyerMaker": false
    },
    {
      "id": "mock_trade_16",
      "symbol": "BTCUSDT",
      "price": 96080.56,
      "size": 0.035891,
      "quantity": 0.035891,
      "qty": 0.035891,
      "side": "SELL",
      "timestamp": 1759614429829,
      "time": 1759614429829,
      "datetime": "2025-10-04T23:47:09.829876Z",
      "isBuyerMaker": true
    },
    {
      "id": "mock_trade_5",
      "symbol": "BTCUSDT",
      "price": 96303.2,
      "size": 0.009891,
      "quantity": 0.009891,
      "qty": 0.009891,
      "side": "BUY",
      "timestamp": 1759615102442,
      "time": 1759615102442,
      "datetime": "2025-10-04T23:58:22.442400Z",
      "isBuyerMaker": false
    },
    {
      "id": "mock_trade_18",
      "symbol": "BTCUSDT",
      "price": 93634.24,
      "size": 0.016562,
      "quantity": 0.016562,
      "qty": 0.016562,
      "side": "BUY",
      "timestamp": 1759615369958,
      "time": 1759615369958,
      "datetime": "2025-10-05T00:02:49.958012Z",
      "isBuyerMaker": false
    }
  ],
  "source": "mock_data",
  "timestamp": "2025-10-05T02:04:29.476488"
}